@incollection{steedman2011ccg,
  title={Combinatory {C}ategorial {G}rammar},
  author={Steedman, Mark and Baldridge, Jason},
  booktitle={Non-Transformational Syntax: Formal and Explicit Models of Grammar},
  editor={Borsley, Robert D. and B{\"o}rjars, Kersti},
  chapter={5},
  pages={181--224},
  year={2011},
  publisher={Blackwell},
  url={https://www.research.ed.ac.uk/portal/files/24976508/SteedmanBaldridgeNTSyntax.pdf}
}

@inproceedings{matsuzaki2007supertag,
  title={Efficient {HPSG} Parsing with Supertagging and {CFG}-filtering},
  author={Matsuzaki, Takuya and Miyao, Yusuke and Tsujii, Jun'ichi},
  booktitle={Proceedings of the 20th International Joint Conference on Artificial Intelligence},
  pages={1671--1676},
  year={2007},
  organization={Association for the Advancement of Artificial Intelligence (AAAI)},
  url={https://www.aaai.org/Papers/IJCAI/2007/IJCAI07-270.pdf}
}

@article{bangalore1999supertag,
  title={Supertagging: An approach to almost parsing},
  author={Bangalore, Srinivas and Joshi, Aravind K},
  journal={Computational Linguistics},
  volume={25},
  number={2},
  pages={237--265},
  year={1999},
  publisher={MIT Press},
  url={http://aclweb.org/anthology/J99-2004}
}

@inproceedings{clark2004supertag,
  title={The Importance of Supertagging for Wide-Coverage {CCG} Parsing},
  author={Clark, Stephen and Curran, James R},
  booktitle={Proceedings of the 20th International Conference on Computational Linguistics (COLING)},
  year={2004},
  organization={International Committee on Computational Linguistics (ICCL)},
  url={http://aclweb.org/anthology/C04-1041}
}

@inproceedings{dridan2013ubertag,
  title={Ubertagging: Joint segmentation and supertagging for {E}nglish},
  author={Dridan, Rebecca},
  booktitle={Proceedings of the 2013 Conference on Empirical Methods in Natural Language Processing (EMNLP)},
  pages={1201--1212},
  year={2013},
  organization={Association for Computational Linguistics (ACL)},
  url={http://aclweb.org/anthology/D13-1120}
}
