% Encoding: UTF-8

@InProceedings{Carpenter1993,
  author    = {Bob Carpenter},
  title     = {Skeptical and credulous default unification with applications to templates and inheritance},
  booktitle = {INHERITANCE, DEFAULTS AND THE LEXICON},
  year      = {1993},
  pages     = {13--37},
  publisher = {Cambridge University Press},
}

@Article{Jackendoff1975,
  author  = {Jackendoff, Ray},
  title   = {Morphological and semantic regularities in the lexicon},
  journal = {Language},
  year    = {1975},
  volume  = {51},
  pages   = {639-671},
  series  = {3},
}

@Book{Carpenter1992,
  title     = {The Logic of Typed Feature Structures},
  publisher = {Cambridge University Press},
  year      = {1992},
  author    = {Carpenter, Bob},
  address   = {Cambridge},
}

@InCollection{Broadwell2008,
  author    = {Broadwell, George Aaron},
  title     = {Turkish suspended affixation is lexical sharing},
  booktitle = {Proceedings of the {LFG08} Conference},
  publisher = {CSLI Publications},
  year      = {2008},
  editor    = {Miriam Butt and Tracy Holloway King},
  pages     = {198-213},
  address   = {Stanford},
}

@Book{Goldberg1995,
  title     = {Constructions: A Construction Grammar Approach to Argument Structure},
  publisher = {Chicago University Press},
  year      = {1995},
  author    = {Goldberg, Adele},
  address   = {Chicago},
}

@InProceedings{Boumaetal2000b,
  author    = {Gosse Bouma and Frank Van Eynde and Dan Flickinger},
  title     = {Constraint-based Lexicons},
  booktitle = {Lexicon Development for Speech and Language Processing},
  year      = {2000},
  publisher = {Kluwer},
}

@InCollection{Monachesi1993,
  author    = {Paola Monachesi},
  title     = {Object Clitics and Clitic Climbing in {I}talian {HPSG} Grammar},
  booktitle = {Proceedings of the Sixth Conference of the European Chapter of the Association for Computational Linguistics},
  year      = {1993},
  pages     = {437-442},
  address   = {Utrecht},
}

@Book{PollardandSag1987,
  title     = {Information-based Syntax and Semantics, vol.1},
  publisher = {CSLI Publications},
  year      = {1987},
  author    = {Pollard, Carl and Sag, Ivan},
  address   = {Stanford},
}

@Book{Davis2001,
  title     = {Linking by Types in the Hierarchical Lexicon},
  publisher = {CSLI Publications},
  year      = {2001},
  author    = {Anthony Davis},
  address   = {Stanford},
}

@Article{Mueller2010,
  author  = {Stefan M{\"u}ller},
  title   = {Persian complex predicates and the limits of inheritance-based analyses},
  journal = {Journal of Linguistics},
  year    = {2010},
  volume  = {46},
  pages   = {601-655},
}

@Article{LascaridesandCopestake1999,
  author  = {Alex Lascarides and Ann Copestake},
  title   = {Default Representation in Constraint{-}based Frameworks},
  journal = {Computational Linguistics},
  year    = {1999},
  volume  = {25},
  pages   = {55-105},
}

@InCollection{Chomsky1970,
  author    = {Chomsky, Noam},
  title     = {Remarks on Nominalization},
  booktitle = {Readings in English Transformational Grammar},
  publisher = {Ginn},
  year      = {1970},
  editor    = {Jacobs, Roderick A. and Rosenbaum, Peter S.},
  pages     = {184-221},
  address   = {Boston},
}

@InCollection{HalleandMarantz1993,
  author    = {Morris Halle and Alec Marantz},
  title     = {Distributed Morphology and the Pieces of Inflection},
  booktitle = {The view from Building 20},
  publisher = {MIT Press},
  year      = {1993},
  editor    = {Kenneth Hale and Samuel Jay Keyser},
  pages     = {111-176},
  address   = {Cambridge, MA},
}

@InCollection{BonamiandBoye2001,
  author    = {Olivier Bonami and Gilles Boy√©},
  title     = {Suppletion and dependency in inflectional morphology},
  booktitle = {Proceedings of the 2001 {HPSG} conference},
  publisher = {CSLI Publications},
  year      = {2001},
  editor    = {van Eyde, Frank and Lars Hellan and Dorothee Beermann},
  pages     = {51-70},
  address   = {Stanford},
}

@Article{Alsina1992,
  author  = {Alsina, Alex},
  title   = {On the Argument Structure of Causatives},
  journal = {Linguistic Inquiry},
  year    = {1992},
  volume  = {23},
  pages   = {517-556},
  series  = {3},
}

@Conference{Crysmann2000b,
  author    = {Crysmann, Berthold},
  title     = {On the placement and morphology of {U}di subject agreement},
  booktitle = {Paper presented at the 7th International Conference on Head- driven Phrase Structure Grammar},
  year      = {2000},
  address   = {Berkeley, CA},
}

@InCollection{Wechsler1999,
  author    = {Stephen Wechsler},
  title     = {{HPSG}, {GB}, and the {B}alinese Bind},
  booktitle = {Lexical and Constructional Aspects of Linguistic Explanation},
  publisher = {CSLI publications},
  year      = {1999},
  editor    = {Gert Webelhuth and Jean-Pierre Koenig and Andreas Kathol},
  pages     = {179-195},
  address   = {Standford, CA},
}

@Article{BriscoeandCopestake1999,
  author  = {Ted Briscoe and Ann Copestake},
  title   = {Lexical Rules in Constraint-based Grammars},
  journal = {Computational Linguistics},
  year    = {1999},
  volume  = {25},
  number  = {4},
  pages   = {487-526},
}

@InCollection{Booij2005,
  author    = {Gert Booij},
  title     = {Compounding and derivation: Evidence for construction morphology},
  booktitle = {Morphology and its demarcations},
  publisher = {John Benjamins},
  year      = {2005},
  editor    = {Wolfgang Dressler and Dieter Kastovsky and Oskar Pfeiffer and Franx Rainer},
  pages     = {109-132},
  address   = {Amsterdam},
}

@Article{DavisandKoenig2000b,
  author  = {Anthony Davis and Jean-Pierre Koenig},
  title   = {Linking as constraints on word classes in a hierarchical lexicon},
  journal = {Language},
  year    = {2000},
  volume  = {76},
  pages   = {56-91},
}

@Article{MillerandSag1997,
  author  = {Philip Miller and Ivan Sag},
  title   = {French clitic movement without clitics or movement},
  journal = {Natural Language and Linguistic Theory},
  year    = {1997},
  volume  = {15},
  pages   = {573-639},
}

@PhdThesis{Tegey1977,
  author  = {Tegey, Habibullah},
  title   = {The grammar of clitics: evidence from {P}ashto and other languages},
  school  = {University of Illinois at Urbana-Champaign},
  year    = {1977},
  address = {Urbana-Champaign},
}

@Article{Chaves2014,
  author  = {Rui Chaves},
  title   = {On the disunity of right-node raising phenomena: Extraposition, ellipsis, and deletion},
  journal = {Language},
  year    = {2014},
  volume  = {90},
  pages   = {834-886},
}

@InProceedings{Richter1999,
  author    = {Frank Richter},
  title     = {{RSRL} for {HPSG}},
  booktitle = {T{\"u}bingen Studies in Head-Driven Phrase Structure Grammar},
  year      = {1999},
  editor    = {Valia Kordoni},
  number    = {132},
  series    = {Arbeitsberichte des SFB 340},
  pages     = {74-115},
  address   = {T{\"u}bingen},
  publisher = {Universit{\"a}t T{\"u}bingen},
}

@Article{Kay2002,
  author  = {Paul Kay},
  title   = {An informal sketch of a formal architecture for construction grammar},
  journal = {Grammars},
  year    = {2002},
  volume  = {5},
  pages   = {1-19},
}

@Article{Harris2000,
  author  = {Alice Harris},
  title   = {Where in the Word is the {U}di Clitic?},
  journal = {Language},
  year    = {2000},
  volume  = {76},
  pages   = {593-616},
}

@InCollection{Crysmann2000,
  author    = {Berthold Crysmann},
  title     = {Clitics and coordination in linear structure},
  booktitle = {Clitics in Phonology, Morphology and Syntax},
  publisher = {John Benjamins},
  year      = {2000},
  editor    = {Birgit Gerlach and Janet Grijzenhout},
  pages     = {121-159},
  address   = {Amsterdam},
}

@Article{BresnanandMchombo1995,
  author  = {Joan Bresnan and Sam Mchombo},
  title   = {The Lexical Integrity Principle: Evidence from {B}antu},
  journal = {Natural Language and Linguistic Theory},
  year    = {1995},
  volume  = {13},
  pages   = {181-254},
}

@PhdThesis{Flickinger1987,
  author = {Flickinger, Daniel},
  title  = {Lexical rules in the hierarchical lexicon},
  school = {Stanford University},
  year   = {1987},
}

@Book{Bresnan1982c,
  title     = {The mental representation of grammatical relations},
  publisher = {MIT Press},
  year      = {1982},
  author    = {Bresnan, Joan, ed},
  address   = {Cambridge, MA},
}

@Article{Mueller2006,
  author  = {Stefan M{\"u}ller},
  title   = {Phrasal or Lexical Constructions?},
  journal = {Language},
  year    = {2006},
  volume  = {82},
  number  = {4},
  pages   = {850--883},
}

@Book{DiSciulloandWilliams1987,
  title     = {On the Definition of Word},
  publisher = {MIT Press},
  year      = {1987},
  author    = {Di Sciullo, Anna-Maria and Williams, Edwin},
  address   = {Cambridge, MA},
}

@PhdThesis{Baldridge2002,
  author  = {Jason Baldridge},
  title   = {Lexically Specified Derivational Control in Combinatory Categorial Grammar},
  school  = {University of Edinburgh},
  year    = {2002},
  address = {Edinburgh},
}

@Article{Bruening2018,
  author  = {Benjamin Bruening},
  title   = {The lexicalist hypothesis: Both wrong and superfluous},
  journal = {Language},
  year    = {2018},
  volume  = {94},
  pages   = {1-42},
}

@PhdThesis{Roberts2000,
  author  = {Roberts, Taylor},
  title   = {Clitics and agreement},
  school  = {MIT},
  year    = {2000},
  address = {Cambridge, MA},
}

@Book{Jackendoff1990,
  title     = {Semantic Structures},
  publisher = {MIT Press},
  year      = {1990},
  author    = {Jackendoff, Ray},
  address   = {Cambridge, MA},
}

@InCollection{Carpenter1992b,
  author    = {Bob Carpenter},
  title     = {Categorial Grammars, Lexical Rules, and the {E}nglish Predicative},
  booktitle = {Formal Grammar: Theory and Implementation},
  publisher = {Oxford University Press},
  year      = {1992},
  editor    = {Bob Levine},
  pages     = {168-242},
  address   = {New York, NY},
}

@InCollection{Dost2007,
  author    = {Ascander Dost},
  title     = {A Domain-Based Approach to Second Position Clitics in {P}ashto},
  booktitle = {Texas Linguistic Society IX: The Morphosyntax of Underrepresented Languages},
  year      = {2007},
  editor    = {Frederick Hoyt and Nikki Seifert and Alexandra Teodorescu and Jessica White},
  address   = {Austin, TX},
}

@InCollection{EmersonandCopestake2015,
  author    = {Guy Emerson and Ann Copestake},
  title     = {Lacking Integrity: {HPSG} as a Morphosyntactic Theory},
  booktitle = {Proceedings of the 22$^{nd}$ International Conference on Head-Driven Phrase Structure Grammar},
  publisher = {CSLI},
  year      = {2015},
  editor    = {Stefan M{\"u}ler},
  pages     = {75-95},
  address   = {Stanford},
}

@Article{BrachmanandSchmolze1985,
  author  = {Brachman, Ronald and Schmolze, James},
  title   = {An Overview of the {KL-ONE} Knowledge Representation System},
  journal = {Cognitive Science},
  year    = {1985},
  volume  = {9},
  pages   = {171-216},
  series  = {2},
}

@Article{Chaves2008,
  author  = {Rui Chaves},
  title   = {Linearization-Based Word-Part Ellipsis},
  journal = {Linguistics and Philosophy},
  year    = {2008},
  volume  = {31},
  pages   = {261-307},
}

@Book{Lakoff1970,
  title     = {Irregularity in Syntax},
  publisher = {Holt, Rinehart, and Winston},
  year      = {1970},
  author    = {Lakoff, George},
  address   = {New York},
}

@Article{Boumaetal2001,
  author  = {Gosse Bouma and Robert Malouf and Ivan Sag},
  title   = {Satisfying constraints on extraction and adjunction},
  journal = {Natural Language and Linguistic Theory},
  year    = {2001},
  volume  = {19},
  pages   = {1-65},
}

@InCollection{Borer2003,
  author    = {Hagit Borer},
  title     = {Exo-Skeletal vs. Endo-Skeletal Expla- nations: Syntactic Projections and the Lexicon},
  booktitle = {The Nature of Explanation in Linguistic Theory},
  publisher = {CSLI Publications},
  year      = {2003},
  editor    = {John Moore and Maria Polinsky},
  pages     = {31-67},
  address   = {Stanford},
}

@Article{Riehemann1998,
  author  = {Susanne Z. Riehemann},
  title   = {Type-Based Derivational Morphology},
  journal = {The Journal of Comparative Germanic Linguistics},
  year    = {1998},
  volume  = {2},
  pages   = {49--77},
}

@Article{Haspelmath2011,
  author  = {Martin Haspelmath},
  title   = {The indeterminacy of word segmentation1 and the nature of morphology and syntax},
  journal = {Folia Linguistica},
  year    = {2011},
  volume  = {45},
  pages   = {31-80},
}

@Book{Pinker1989,
  title     = {Learnability and Cognition: the acquisition of argument structure},
  publisher = {MIT Press},
  year      = {1989},
  author    = {Pinker, Steven},
  address   = {Cambridge, MA},
}

@InProceedings{KoenigandDavis2003,
  author    = {Jean-Pierre Koenig and Anthony Davis},
  title     = {Semantically Transparent Linking in {HPSG}},
  booktitle = {Proceedings of the {HPSG} 2003 Conference},
  year      = {2003},
  editor    = {Stefan M{\"u}ller},
  pages     = {222-235},
  address   = {Stanford},
  publisher = {CSLI Publications},
}

@InProceedings{KoenigandJurafsky1994,
  author    = {Koenig, Jean-Pierre and Jurafsky, Daniel},
  title     = {Type Underspecification and On-line Type Construction in the Lexicon},
  booktitle = {Proceedings of {WCCFL} {XIII}},
  year      = {1994},
  pages     = {270-285},
  address   = {Stanford},
  publisher = {CSLI Publications},
}

@Book{Anderson2005,
  title     = {Aspects of the Theory of Clitics},
  publisher = {Oxford University Press},
  year      = {2005},
  author    = {Stephen Anderson},
  address   = {Oxford},
}

@Book{Malouf2000b,
  title     = {Mixed Categories in the Hierarchical Lexicon},
  publisher = {CSLI Publications},
  year      = {2000},
  author    = {Robert Malouf},
  address   = {Stanford, CA},
}

@InCollection{Reape1994,
  author    = {Reape, Mike},
  title     = {Domain Union and Word Order Variation in German},
  booktitle = {German in Head-Driven Phrase Structure Grammar},
  publisher = {CSLI Publications},
  year      = {1994},
  editor    = {John Nerbonne and Klaus Netter and Carl Pollard},
  pages     = {151-197},
  address   = {Stanford University},
}

@Book{Koenig1999c,
  title     = {Lexical Relations},
  publisher = {CSLI Publications},
  year      = {1999},
  author    = {Jean-Pierre Koenig},
  address   = {Stanford},
}

@Book{Bochner1993,
  title     = {Simplicity in Generative Morphology},
  publisher = {Mouton de Gruyter},
  year      = {1993},
  author    = {Bochner, Harry},
  address   = {Berlin},
}

@Book{AckermanandWebelhuth1998,
  title     = {A Theory of Predicates},
  publisher = {CSLI Publications},
  year      = {1998},
  author    = {Farrell Ackerman and Gert Webelhuth},
  address   = {Stanford, CA},
}

@Article{McCawley1982,
  author  = {McCawley, James D.},
  title   = {Parentheticals and Discontinuous Constituent Structure},
  journal = {Linguistic Inquiry},
  year    = {1982},
  volume  = {13},
  pages   = {91-106},
}

@Book{PollardandSag1994,
  title     = {Head-Driven Phrase-Structure Grammar},
  publisher = {Chicago University Press},
  year      = {1994},
  author    = {Pollard, Carl and Sag, Ivan},
  address   = {Chicago, IL},
}

@InCollection{Wasow1977,
  author    = {Wasow, Thomas},
  title     = {Transformations and the lexicon},
  booktitle = {Formal Syntax},
  publisher = {Academic Press},
  year      = {1977},
  editor    = {Peter Culicover and Tom Wasow and Adrian Akmajian},
  pages     = {327-360},
  address   = {New York},
}

@Article{CopestakeandBriscoe1995,
  author  = {Ann Copestake and Ted Briscoe},
  title   = {Semi-productive polysemy and sense extension},
  journal = {Journal of Semantics},
  year    = {1995},
  volume  = {12},
  pages   = {15-67},
  issue   = {1},
}

@Article{CrysmannandBonami2016,
  author  = {Berthold Crysmann and Olivier Bonami},
  title   = {Variable morphotactics and Information-based Morphology},
  journal = {Journal of Linguistics},
  year    = {2016},
  volume  = {52},
  pages   = {311-374},
}

@InCollection{CrysmannandBonami2017,
  author    = {Berthold Crysmann and Olivier Bonami},
  title     = {Atomistic and holistic exponence in {I}nformation-based {M}orphology},
  booktitle = {Proceedings of the 24{\textsuperscript{th}} International Conference on {H}ead-Driven {P}hrase {S}tructure {G}rammar},
  publisher = {CSLI Publications},
  year      = {2017},
  editor    = {Stefan M{\"u}ller},
  pages     = {141-161},
  address   = {Stanford},
}

@Book{Kathol1999,
  title     = {Linearization-based Syntax},
  publisher = {Oxford University Press},
  year      = {1999},
  author    = {Andreas Kathol},
  address   = {Oxford},
}

@Article{PollardandSag1992,
  author  = {Pollard, Carl and Sag, Ivan},
  title   = {Anaphors in {E}nglish and the Scope of Binding Theory},
  journal = {Linguistic Inquiry},
  year    = {1992},
  volume  = {23},
  pages   = {261-303},
  series  = {2},
}

@InProceedings{CopestakeandBriscoe1991,
  author    = {Ann Copestake and Ted Briscoe},
  title     = {Lexical Operations in a Unification-based Framework},
  year      = {1991},
  pages     = {101--119},
  publisher = {Springer Verlag},
}

@Book{Anderson1992,
  title     = {A-Morphous Morphology},
  publisher = {Cambridge University Press},
  year      = {1992},
  author    = {Anderson, Stephen},
  address   = {Cambridge},
}

@Comment{jabref-meta: databaseType:bibtex;}
