@inproceedings{song-bender:2012,
  author    = {Song, Sanghoun and Bender, Emily M.},
  title     = {Individual Constraints for Information Structure},
  booktitle = {{Proceedings of the 19th International Conference on Head-Driven Phrase Structure Grammar, Chungnam National University Daejeon}},
  editor    = {Stefan M\"{u}ller},
  OPTissn   = {15351793},
  url       = {http://cslipublications.stanford.edu/HPSG/2012/song-bender.pdf},
  pages     = {330--348},
  year      = {2012},
}

@book{song2018,
  title={Modeling information structure in a cross-linguistic perspective},
  author={Song, Sanghoun},
  year={2017},
  publisher={Language Science Press},
  address={Berlin}
}


@INCOLLECTION{buering:06,
  author = {Daniel B\"uring},
  title = {Focus projection and default prominence},
  booktitle = {{The Architecture of Focus}},
  publisher = {Mouton De Gruyter},
  year = {2006},
  editor = {Val\'eria Moln\'ar and Susanne Winkler},
  volume = {82},
  series = {Studies in Generative Grammar},
  pages = {321--346},
  address = {Berlin}
}

@BOOK{vallduvi:92,
  title = {The informational component},
  publisher = {Garland},
  year = {1992},
  author = {Enric Vallduv{\'{\i}}},
  address = {New York, NY}
}

@INPROCEEDINGS{DeKuthy.Meurers-11,
  author = {Kordula {De Kuthy} and  Walt Detmar Meurers},
  title = {Integrating GIVENness into a structured meaning approach in HPSG},
  booktitle = {Proceedings of the 18th International Conference on Head-Driven Phrase
	Structure Grammar},
  year = {2011},
  pages = {289--301},
  address = {Stanford},
  publisher = {CSLI Publications},
  owner = {kdk},
  timestamp = {2012.10.02}
}
