% Encoding: ISO-8859-1

@Article{chavessubjexp,
  author  = {Rui P. Chaves},
  title   = {Conjunction, cumulation and {\it respectively} readings},
  journal = {Journal of Linguistics},
  volume  = {48},
  number  = {2},
  pages   = {297--344},
  year    = {2012},
}

@InProceedings{saghof,
  author    = {Ivan A. Sag and Philip Hofmeister and Neal Snider},
  title     = {Processing complexity in subjacency violations: the complex noun phrase constraint},
  booktitle = {Proceedings of the 43rd Annual Meeting of the Chicago Linguistic Society. Chicago: CLS},
  year      = {2007},
}

@Article{foxneg,
  author  = {Danny Fox and Martin Hackl},
  title   = {The universal density of measurement},
  journal = {Linguistics and Philosophy},
  volume  = {29},
  pages   = {537--586},
  year    = {2006},
}

@InProceedings{philcls,
  author    = {Philip Hofmeister},
  title     = {Retrievability and gradience in filler-gap dependencies},
  booktitle = {Proceedings from the Annual Meeting of the Chicago Linguistics Society},
  year      = {2007},
  editor    = {M. Elliott and J. Kirby and O. Sawada and E. Staraki and S. Yoon},
  volume    = {43, 1},
  pages     = {109--123},
}

@Article{huck,
  author  = {Geoffrey J. Huck and Younghee Na},
  title   = {Extraposition and focus},
  journal = {Language},
  volume  = {66},
  pages   = {51--77},
  year    = {1990},
}

@InProceedings{arnon07,
  author    = {Inbal Arnon and Neal Snider and Philip Hofmeister and T. Florian Jaeger and Ivan Ivan Andrew Sag},
  title     = {Cross-Linguistic Variation in a Processing Account: The Case of Multiple Wh-Questions},
  booktitle = {Proceedings of BLS 32},
  year      = {2007},
}

@InProceedings{fukuda,
  author    = {Shin Fukuda and Chizuru Nakao and Akira Omaki and Maria Polinsky},
  title     = {Revisiting subject-object asymmetry: subextraction in {Japanese}},
  booktitle = {Proceedings of the 10th {Workshop on Altaic Formal Linguistics}},
  year      = {2018},
  publisher = {MIT Working Papers in Linguistics},
  note      = {to appear},
}

@Article{deane,
  author  = {Paul Deane},
  title   = {Limits to Attention: A Cognitive Theory of Island Phenomena},
  journal = {Cognitive Linguistics},
  volume  = {2},
  number  = {1},
  pages   = {1--63},
  year    = {1991},
}

@Article{grosurrc,
  author  = {Alexander Grosu},
  title   = {On the Status of the So-Called Right Roof Constraint},
  journal = {Language},
  volume  = {49},
  pages   = {294--311},
  year    = {1973},
}

@PhdThesis{shir,
  author = {Nomi Erteschik-Shir},
  title  = {On the Nature of Island Constraints},
  school = {Cambridge, MIT},
  year   = {1973},
  type   = {Doctoral Dissertation},
}

@Book{postal98,
  author    = {Paul M. Postal},
  title     = {Three investigations of extraction},
  publisher = {MIT: Cambridge, Massachusetts},
  year      = {1998},
}

@InProceedings{KimSag2005,
  author    = {Jong-Bok Kim and Ivan A. Sag},
  title     = {English Object Extraposition: A Constraint-Based Approach},
  booktitle = {Proceedings of the 12th International Conference on Head-Driven Phrase Structure Grammar, Department of Informatics, University of Lisbon},
  year      = {2005},
  editor    = {Stefan M{\"u}ller},
  pages     = {192--212},
  address   = {Stanford},
  publisher = {CSLI Publications. http://cslipublications.stanford.edu/HPSG/6/},
}

@Book{cinque,
  author    = {Guglielmo Cinque},
  title     = {Types of {$\overline{A}$}-Dependencies},
  publisher = {Cambridge, Mass.: MIT Press},
  year      = {1990},
}

@Article{delong,
  author  = {Katherine A. DeLong and Thomas P. Urbach and Marta Kutas},
  title   = {Probabilistic word pre-activation during language comprehension inferred from electrical brain activity},
  journal = {Nature Neuroscience},
  volume  = {8},
  number  = {8},
  pages   = {1117--1121},
  year    = {2005},
}

@InCollection{cxsag07,
  author    = {Ivan A. Sag},
  title     = {Sign-Based Construction Grammar: An informal synopsis},
  booktitle = {Sign-Based Construction Grammar},
  publisher = {Stanford: CSLI Publications},
  year      = {2012},
  editor    = {Hans Boas and Ivan A. Sag},
  pages     = {69 -- 202},
}

@InCollection{gibson0000,
  author    = {Edward Gibson},
  title     = {The Dependency Locality Theory: a distance-based theory of linguistic complexity},
  booktitle = {Image, language, brain},
  publisher = {Cambridge, MA: MIT Press},
  year      = {2000},
  editor    = {Yasuhi Miyashita and Alec P. Marantz and Wayne O'Neil},
  pages     = {95--126},
}

@Unpublished{eady,
  author = {Stephen J. Eady and Janet D. Fodor},
  title  = {Is center embedding a source of processing difficulty?},
  note   = {Presented at the Linguistics Society of America Annual Meeting},
  year   = {1981},
}

@InCollection{katzira,
  author    = {Asaf Bachrach and Roni Katzir},
  title     = {Right-Node Raising and Delayed Spell-Out},
  booktitle = {InterPhases: Phase-Theoretic Investigations of Linguistic Interfaces},
  publisher = {Oxford University Press},
  year      = {2008},
  editor    = {Kleanthes K. Grohmann},
  pages     = {284 -- 316},
}

@InProceedings{Kandy09,
  author    = {Jason Kandybowicz},
  title     = {Comp-trace Effects and the Syntax--Phonology Interface},
  booktitle = {Proceedings of CLS 42 (Volume 1: The Main Session)},
  year      = {2009},
  editor    = {Jacqueline Bunting and Sapna Desai and Robert Peachey and Christopher Straughn and Zuzana Tomkov{\'{a}}},
  pages     = {103--115},
  publisher = {Chicago: Chicago Linguistics Society},
}

@Article{hofsaglang,
  author  = {Philip Hofmeister and Ivan A. Sag},
  title   = {Cognitive Constraints and Island Effects},
  journal = {Language},
  volume  = {86},
  number  = {2},
  pages   = {366--415},
  year    = {2010},
}

@InProceedings{sagser,
  author    = {Ivan A. Sag},
  title     = {Taking Performance Seriously},
  booktitle = {VII Congreso de Languajes Naturales y Lenguajes Formales. Barcelona},
  year      = {1992},
  editor    = {Carlos Martin-Vide},
}

@Article{tabor97,
  author  = {Whitney Tabor and C Juliano and MK Tanenhaus},
  title   = {Parsing in a dynamical system: An attractor-based account of the interaction of lexical and structural constraints in sentence processing},
  journal = {Language and Cognitive Processes},
  volume  = {2--3},
  number  = {12},
  pages   = {211--271},
  year    = {1997},
}

@Article{kemper86,
  author  = {Susan Kemper},
  title   = {Imitation of complex syntactic constructions by elderly adults},
  journal = {Applied Psycholinguistics},
  volume  = {7},
  pages   = {277--288},
  year    = {1986},
}

@InProceedings{Kandy06,
  author    = {Jason Kandybowicz},
  title     = {Comp-trace Effects Explained Away},
  booktitle = {Proceedings of the 25th West Coast Conference on Formal Linguistics},
  year      = {2006},
  editor    = {Donald Baumer and David Montero and Michael Scanlon},
  pages     = {220--228},
  publisher = {Somerville, MA: Cascadilla Press.},
}

@Article{roland12,
  author  = {Douglas Roland and Gail Mauner and Carolyn O'Meara and Hongoak Yun},
  title   = {Discourse expectations and relative clause processing},
  journal = {Journal of Memory and Language},
  volume  = {66},
  pages   = {479 -- 508},
  year    = {2012},
}

@Article{staub,
  author  = {Adrian Staub and {Charles E. Jr.} Clifton},
  title   = {Syntactic prediction in language comprehension: Evidence from {\it either... or}},
  journal = {Journal of Experimental Psychology: Learning, Memory, and Cognition},
  volume  = {32},
  number  = {2},
  pages   = {425--436},
  year    = {2006},
}

@Article{vanpetten,
  author  = {Cyma Van Petten and Marta Kutas},
  title   = {Influences of semantic and syntactic context on open and closed class words},
  journal = {Memory and Cognition},
  volume  = {19},
  pages   = {95--112},
  year    = {1991},
}

@Misc{sagonline,
  note         = {\texttt{\small http://ling.ucsc.edu/Jorge/sag.html}},
  howpublished = {Jorge Hankamer Webfest},
  year         = {2000},
  author       = {Ivan A. Sag},
  title        = {Another argument against {\it wh}-trace},
}

@Article{arai,
  author  = {Manabu Arai and Frank Keller},
  title   = {The use of verb-specific information for prediction in sentence processing},
  journal = {Language and Cognitive Processes},
  volume  = {4},
  number  = {28},
  pages   = {525--560},
  year    = {2013},
}

@Article{ferreirasubj,
  author  = {Fernanda Ferreira},
  title   = {Effects of length and syntactic complexity on initiation times for prepared utterances},
  journal = {Journal of Memory and Language},
  volume  = {30},
  number  = {2},
  pages   = {210--233},
  year    = {1991},
}

@Article{chavessubj,
  author  = {Rui P. Chaves},
  title   = {An expectation-based account of subject islands and parasitism},
  journal = {Journal of Linguistics},
  volume  = {2},
  number  = {49},
  pages   = {285--327},
  year    = {2013},
}

@Unpublished{clausen,
  author = {David R. Clausen},
  title  = {Processing Factors Influencing Acceptability in Extractions from Complex Subjects},
  note   = {Unpublished manuscript. Stanford University},
  year   = {2010},
  url    = {http://www.davidclausen.org/papers/Clausen10SubjectIslands.pdf},
}

@InProceedings{munn98atb,
  author    = {Alan Munn},
  title     = {{ATB} movement without identity},
  booktitle = {Proceedings of the 14th Eastern States Conference on Linguistics (ESCOL-97)},
  year      = {1998},
  editor    = {Jennifer Austin and Aaron Lawson},
  pages     = {150--160},
  publisher = {CSC Publications},
}

@Article{schmerling72,
  author  = {Susan Schmerling},
  title   = {Apparent Counterexamples to the Coordinate Structure Constraint: A Canonical Constraint},
  journal = {Studies in the Linguistic Sciences},
  volume  = {2},
  number  = {1},
  pages   = {91--104},
  year    = {1972},
}

@Article{mccawley81,
  author  = {James D. McCawley},
  title   = {The syntax and semantics of English relative clauses},
  journal = {Lingua},
  volume  = {53},
  pages   = {99--149},
  year    = {1981},
}

@InCollection{dubinsky2009,
  author    = {William D. Davies and Stanley Dubinsky},
  title     = {On the Existence (and Distribution) of Sentential Subjects},
  booktitle = {Hypothesis A/Hypothesis B. Linguistic Explorations in Honor of David M. Perlmutter},
  publisher = {Cambridge, MA: MIT Press},
  year      = {2009},
  editor    = {Donna B. Gerdts and John C. Moore and Maria Polinsky},
  pages     = {111--128},
}

@InCollection{valin86,
  author    = {{Robert} D. Jr. {Van Valin}},
  title     = {Pragmatics, island phenomena, and linguistic competence},
  booktitle = {Papers from the Parasession on Pragmatics and Grammatical Theory},
  publisher = {CLS},
  year      = {1986},
  volume    = {22(2)},
  pages     = {223 -- 233},
}

@Book{pesetskybook,
  author    = {David Pesetsky},
  title     = {Phrasal movement and its kin},
  publisher = {Cambridge: MIT Press},
  year      = {2000},
}

@InCollection{Nishigauchi99,
  author    = {Taisuke Nishigauchi},
  title     = {Quantification and \emph{wh}-Constructions},
  publisher = {Blackwell},
  year      = {1999},
  editor    = {Natsuko Tsujimura},
  pages     = {269--296},
  address   = {Oxford},
}

@Article{boling92,
  author  = {Dwight Bolinger},
  title   = {The role of accent in extraposition and focus},
  journal = {Studies in Language},
  volume  = {16},
  pages   = {265--324},
  year    = {1992},
}

@InProceedings{Vicente2016-NELS46,
  author    = {Luis Vicente},
  title     = {ATB extraction without coordination},
  booktitle = {Proceedings of NELS 46},
  year      = {2016},
  editor    = {Christopher Hammerly and Brandon Pickett},
  pages     = {1--14},
}

@InProceedings{jurkaetal,
  author    = {Johannes Jurka and Chizuru Nakao and Akira Omaki},
  title     = {It's not the end of the CED as we know It: revisiting German and Japanese subject islands},
  booktitle = {Proceedings of the 28th West Coast Conference on Formal Linguistics},
  year      = {2011},
  editor    = {Mary Byram Washburn and Katherine McKinney-Bock and Erika Varis and Ann Sawyer and Barbara Tomaszewicz},
  pages     = {124 -- 132},
  publisher = {Somerville, MA: Cascadilla Proceedings Project},
}

@Book{ken,
  author    = {{Ken-ichi} Takami},
  title     = {Preposition stranding: from syntactic to functional analyses},
  publisher = {Berlin: Mouton de Gruyter},
  year      = {1992},
}

@PhdThesis{horn72,
  author = {Laurence Horn},
  title  = {On the Semantic Properties of Logical Operators in English},
  school = {University of California, LA},
  year   = {1972},
  type   = {PhD. Dissertation},
}

@Unpublished{clausencuny,
  author = {David R. Clausen},
  title  = {Informativity and Acceptability of Complex Subject Islands},
  note   = {Poster presented at the 24th Annual CUNY Sentence Processing Conference, Stanford, CA},
  year   = {2011},
}

@Article{devic,
  author  = {Marica {De Vicenzi} and Remo Job},
  title   = {Some observations on the universality of the Late Closure strategy},
  journal = {Journal of Psycholinguistic Research},
  volume  = {22},
  number  = {2},
  pages   = {189--206},
  year    = {1993},
}

@Article{chung94,
  author  = {Sandra Chung},
  title   = {Wh-agreement and `referentiality' in Chamorro},
  journal = {Linguistic Inquiry},
  volume  = {25},
  pages   = {1--44},
  year    = {1994},
}

@Article{altman99,
  author  = {Gerry T. M. Altmann and Yuki Kamide},
  title   = {Incremental interpretation at verbs: Restricting the domain of subsequent reference},
  journal = {Cognition},
  volume  = {73},
  pages   = {247-- 264},
  year    = {1999},
}

@Article{Gueron:May:84,
  author  = {Jacqueline Gu\'eron and Robert May},
  title   = {Extraposition and Logical Form},
  journal = {Linguistic Inquiry},
  volume  = {15},
  number  = {1},
  pages   = {1--31},
  year    = {1984},
}

@Book{lasniksaito,
  author    = {Howard Lasnik and Mamoru Saito},
  title     = {Move {$\alpha$}: {Conditions} on its application and output},
  publisher = {MIT Press},
  year      = {1992},
}

@Book{gold06,
  author    = {Adele E. Goldberg},
  title     = {Constructions at Work: the nature of generalization in Language},
  publisher = {Oxford: Oxford University Press},
  year      = {2006},
}

@InCollection{Cinque10,
  author    = {Guglielmo Cinque},
  title     = {Structure Preserved: Studies in syntax for Jan Koster},
  publisher = {John Benjamins Publishing Company},
  year      = {2010},
  editor    = {C. Jan-Wouter Zwart and Mark de Vries},
  pages     = {81--90},
}

@Article{delahunty,
  author  = {Gerald P. Delahunty},
  title   = {But Sentential Subjects Do Exist},
  journal = {Linguistic Analysis},
  volume  = {12},
  pages   = {379--398},
  year    = {1983},
}

@Article{chavesextr,
  author  = {Rui P. Chaves},
  title   = {On the grammar of extraction and coordination},
  journal = {Natural Language and Linguistic Theory},
  volume  = {30},
  number  = {2},
  pages   = {465--512},
  year    = {2012},
}

@Article{engdahl,
  author  = {Elisabet Engdahl},
  title   = {Parasitic gaps},
  journal = {Linguistics and Philosophy},
  volume  = {6},
  pages   = {3--34},
  year    = {1983},
}

@InProceedings{Arnold:Linardaki:07,
  author    = {Doug Arnold and Evita Linardaki},
  title     = {A Data-Oriented Parsing Model for {HPSG}},
  booktitle = {2nd International Workshop on Typed Feature Structure Grammars ({TFSG'07})},
  year      = {2007},
  editor    = {Anders S{\o}gaard and Petter Haugereid},
  pages     = {1-9},
  address   = {Tartu, Estonia},
  publisher = {Center for Sprogteknologi, Kobenhavens Universitet, Working Papers, Report No. 8, ISN1600-339X},
  url       = {http://cst.dk/anders/publ/tfsg/proceedings07.pdf},
}

@InCollection{colin_horn,
  author    = {Colin Phillips},
  title     = {On the Nature of Island Constraints. {I}: Language Processing and Reductionist Accounts},
  booktitle = {Experimental Syntax and islands effects},
  publisher = {Cambridge: Cambridge University Press},
  year      = {2013},
  editor    = {Jon Sprouse and Norbert Hornstein},
  pages     = {64 -- 108},
}

@InCollection{allwood,
  author    = {Jens Allwood},
  title     = {The complex NP constraint as a non-universal rule and some semantic factors influencing the acceptability of Swedish sentences which violate the CNPC},
  booktitle = {University of Massachusetts Occasional Papers in Linguistics, Volume II},
  publisher = {Amherst, MA: University of Massachusetts at Amherst},
  year      = {1976},
  editor    = {Justine Stillings},
  pages     = {1--20},
}

@Article{ferreirahend,
  author  = {Fernanda Ferreira and John M. Henderson},
  title   = {Recovery from misanalyses of garden-path sentences},
  journal = {Journal of Memory and Language},
  volume  = {31},
  pages   = {725--745},
  year    = {1991},
}

@InProceedings{fodor02b,
  author    = {Janet Dean Fodor},
  title     = {Prosodic disambiguation in silent reading},
  booktitle = {NELS 32},
  year      = {2002},
  editor    = {M. Hirotani},
  pages     = {113--132},
  publisher = {Amherst, MA: GLSA Publications},
}

@InCollection{stucky,
  author    = {Susan U. Stucky},
  title     = {Configurational Variation in {English:} A study of extraposition and related matters},
  booktitle = {Syntax and Semantics 20: Discontinuous Constituency},
  publisher = {Academic Press, Orlando, FL},
  year      = {1987},
  editor    = {Geoffrey J. Huck and Almerindo E. Ojeda},
  pages     = {377--404},
}

@Article{stepanov,
  author  = {Arthur Stepanov},
  title   = {The end of {CED}? {M}inimalism and extraction domains},
  journal = {Syntax},
  volume  = {10},
  number  = {1},
  pages   = {80--126},
  year    = {2007},
}

@InProceedings{chavesjeruen,
  author    = {Rui P. Chaves and Jeruen E. Dery},
  title     = {Which subject islands will the acceptability of improve with repeated exposure?},
  booktitle = {31st West Coast Conference on Formal Linguistics},
  year      = {2014},
  editor    = {R. E. Santana-LaBarge},
  pages     = {96--106},
  publisher = {Somerville, MA: Cascadilla Proceedings Project},
}

@Article{hawkins,
  author  = {John A. Hawkins},
  title   = {Processing complexity and filler-gap dependencies across grammars},
  journal = {Language},
  volume  = {75},
  number  = {2},
  pages   = {244--249},
  year    = {1999},
}

@TechReport{kellerverb,
  author      = {Frank Keller},
  title       = {Extraposition in HPSG},
  institution = {IBM Germany, Institute for Logic and Linguistics, Heidelberg},
  year        = {1994},
  type        = {Verbmobil-Report 30},
}

@Article{clarkwasow,
  author  = {Herbert H. Clark and Thomas Wasow},
  title   = {Repeating words in spontaneous speech},
  journal = {Cognitive Psychology},
  volume  = {37},
  pages   = {201--242},
  year    = {1998},
}

@Article{fernandez,
  author  = {{\'{A}ngel} {Jim\'{e}nez--Fern\'{a}ndez}},
  title   = {On the Composite Nature of Subject Islands: A phase-based approach},
  journal = {SKY Journal of Linguistics},
  volume  = {22},
  pages   = {91--138},
  year    = {2009},
}

@Article{gibson07,
  author  = {Edward Gibson},
  title   = {The interaction of top-down and bottom-up statistics in the resolution of syntactic category ambiguity},
  journal = {Journal of Memory and Language},
  volume  = {54},
  pages   = {363--388},
  year    = {2006},
}

@Article{kluenderkustas,
  author  = {Robert Kluender and Marta Kutas},
  title   = {Subjacency as a processing phenomenon},
  journal = {Language and Cognitive Processes},
  volume  = {8},
  pages   = {573--633},
  year    = {1993},
}

@PhdThesis{philipt07,
  author = {Philip Hofmeister},
  title  = {Facilitating Memory Retrieval in Natural Language Comprehension},
  school = {Stanford University.},
  year   = {2007},
  type   = {Ph.D. Thesis},
}

@Article{chungmc,
  author  = {Sandra Chung and James McCloskey},
  title   = {On the interpretation of certain island facts in {GPSG}},
  journal = {Linguistic Inquiry},
  volume  = {14},
  pages   = {703--714},
  year    = {1983},
}

@InCollection{pesetskydlink,
  author    = {David Pesetsky},
  title     = {Wh-in-situ: movement and unselective binding},
  booktitle = {The Representation of (In)Definiteness},
  publisher = {Cambridge: MIT Press},
  year      = {1987},
  editor    = {Eric Reuland and Alice ter Meulen},
  pages     = {98--129},
}

@InBook{vives,
  title     = {Les constructions \`{a} verbe support},
  year      = {2019},
  author    = {Anne Abeill\'{e} and Robert Viv\`{e}s},
  editor    = {Anne Abeill\'{e} Dani\`{e}le Godard and Antoine Gautier},
  note      = {(In preparation)},
  booktitle = {La Grande Grammaire du fran\c{c}ais, Actes Sud},
}

@InProceedings{crawfordwccfl,
  author    = {Jean Crawford},
  title     = {Using Syntactic Satiation Effects to Investigate Subject Islands},
  booktitle = {{WCCFL} 29 Proceedings},
  year      = {2011},
  address   = {University of Arizona},
}

@Book{godard92f,
  author  = {Dani{\`{e}}le Godard},
  title   = {La syntaxe des relatives en {F}ran\c{c}ais},
  year    = {1988},
  journal = {\'{E}ditions du {Centre} {National} de la {Recherche} {Scientifique}, Paris},
}

@Article{levyted,
  author  = {Roger Levy and Evelina Fedorenko and Mara Breen and Ted Gibson},
  title   = {The processing of extraposed structures in {E}nglish},
  journal = {Cognition},
  volume  = {12},
  number  = {1},
  pages   = {12--36},
  year    = {2012},
}

@PhdThesis{ruys,
  author = {Eddy Ruys},
  title  = {The scope of indefinites},
  school = {Universiteit Utrecht},
  year   = {1993},
  type   = {Doctoral Dissertation},
}

@InBook{hud12,
  chapter   = {12: Relative clause constructions and unbounded dependencies},
  pages     = {1033--1096},
  title     = {The {Cambridge} Grammar of the {English} Language},
  publisher = {Cambridge University Press},
  year      = {2002},
  author    = {Rodney D. Huddleston and Geoffrey Pullum and Peter Peterson},
}

@Article{abrusanspec,
  author  = {M\'{a}rta Abrus\'{a}n and Benjamin Spector},
  title   = {A Semantics for Degree Questions Based on Intervals: Negative Islands and Their Obviation},
  journal = {Journal of Semantics},
  volume  = {28},
  number  = {1},
  pages   = {107--147},
  year    = {2011},
}

@Book{Dean,
  author    = {Paul {D.} Deane},
  title     = {Grammar in Mind and Brain},
  publisher = {Mouton de Gruyter},
  year      = {1992},
}

@InProceedings{kluender06,
  author    = {Robert Kluender},
  title     = {Are subject islands subject to a processing account?},
  booktitle = {In Proceedings of the {WCCFL} 23},
  year      = {2004},
  editor    = {B. Schmeiser and V. Chand and A. Kelleher and A. Rodriguez},
  pages     = {101--125},
  address   = {Somerville, MA},
  publisher = {Cascadilla Press},
}

@InCollection{hoflangreply,
  author    = {Philip Hofmeister and Laura Staum Casasanto and Ivan A. Sag},
  title     = {Islands in the grammar? {Standards of evidence}},
  booktitle = {Experimental Syntax and islands effects},
  publisher = {Cambridge: Cambridge University Press},
  year      = {2013},
  editor    = {Jon Sprouse and Norbert Hornstein},
  pages     = {42 -- 63},
}

@Book{chomsky77b,
  author    = {Noam Chomsky},
  title     = {Essays on form and interpretation},
  publisher = {New York: North-Holland},
  year      = {1977},
}

@TechReport{garnsey,
  author      = {Susan Garnsey},
  title       = {Function words and content words: Reaction time and evoked potential measures of word recognition},
  institution = {University of Rochester},
  year        = {1985},
  type        = {Cognitive Science Technical Report URCS-29},
}

@InProceedings{kothari,
  author    = {Anubha Kothari},
  title     = {Frequency-based Expectations and Context Influence Bridge Quality},
  booktitle = {Proceedings of WECOL 2008: Western Conference on Linguistics},
  year      = {2008},
  editor    = {M. Grosvald and D. Soares},
}

@Article{gibson10,
  author  = {Evelina Fedorenko and Edward Gibson},
  title   = {Adding a Third Wh-Phrase Does Not Increase the Acceptability of Object-Initial Multiple-Wh-Questions},
  journal = {Syntax},
  volume  = {3},
  number  = {13},
  pages   = {183 -- 195},
  year    = {2010},
}

@Article{saah,
  author  = {Kofi Saah and Helen Goodluck},
  title   = {Island effects in parsing and grammar: evidence from Akan},
  journal = {Linguistic Review},
  volume  = {12},
  pages   = {381--409},
  year    = {1995},
}

@Book{grosu81,
  author    = {Alexander Grosu},
  title     = {Approaches to island phenomena},
  publisher = {North-Holland},
  year      = {1981},
}

@Article{reply2,
  author  = {Jon Sprouse and Matt Wagers and Colin Phillips},
  title   = {Working-memory capacity and island effects: a reminder of the issues and the facts},
  journal = {Language},
  volume  = {88},
  number  = {2},
  pages   = {401--407},
  year    = {2012},
}

@Book{kunotakamib,
  author    = {Susumu Kuno and Ken-Ichi Takami},
  title     = {Grammar and discourse principles: functional syntax and {GB} theory},
  publisher = {Chicago \& London: University of Chicago Press},
  year      = {1993},
}

@Article{bouma,
  author  = {Gosse Bouma and Rob Malouf and Ivan A. Sag},
  title   = {Satisfying Constraints on Extraction and Adjunction},
  journal = {Natural Language and Linguistic Theory},
  volume  = {19},
  number  = {1},
  pages   = {1--65},
  year    = {2001},
}

@InProceedings{Oshima:2006:FIP:1761528.1761544,
  author    = {Oshima, David Y.},
  title     = {On factive Islands: pragmatic anomaly vs. pragmatic infelicity},
  booktitle = {Proceedings of the 20th annual conference on New frontiers in artificial intelligence},
  year      = {2007},
  series    = {JSAI'06},
  pages     = {147--161},
  address   = {Berlin, Heidelberg},
  publisher = {Springer-Verlag},
  acmid     = {1761544},
  isbn      = {978-3-540-69901-9},
  location  = {Tokyo, Japan},
  numpages  = {15},
  url       = {http://portal.acm.org/citation.cfm?id=1761528.1761544},
}

@InCollection{kayne00,
  author    = {Richard Kayne},
  title     = {Overt vs. Covert Movement},
  booktitle = {Parameters and Universals},
  publisher = {Oxford University Press},
  year      = {2000},
  pages     = {261--276},
}

@Article{goodall11,
  author  = {Grant Goodall},
  title   = {Syntactic satiation and the inversion effect in {English} and {Spanish} {\it wh}- questions},
  journal = {Syntax},
  volume  = {14},
  pages   = {29--47},
  year    = {2011},
}

@Book{pollardsag,
  author    = {Carl Pollard and Ivan A. Sag},
  title     = {Head-driven phrase structure grammar},
  publisher = {Chicago: University of Chicago Press and Stanford: CSLI},
  year      = {1994},
}

@Book{gpsg,
  author    = {Gerald Gazdar and Ewan Klein and Geoffrey K. Pullum and Ivan A. Sag},
  title     = {Generalized Phrase Structure Grammar},
  publisher = {Oxford: Blackwell, and Cambridge, Ma: Harvard University Press},
  year      = {1985},
}

@Book{fox,
  author    = {Danny Fox},
  title     = {Economy and semantic interpretation},
  publisher = {MIT: Cambridge, Massachusetts},
  year      = {2000},
}

@Article{chavesresp,
  author  = {Rui P. Chaves and Jeruen E. Dery},
  title   = {Frequency effects in Subject Islands},
  journal = {Journal of Linguistics},
  volume  = {55},
  pages   = {47},
  year    = {2019},
}

@Article{kynette,
  author  = {Donna Kynette and Susan Kemper},
  title   = {Aging and the loss of grammatical forms: a cross-sectional study of language performance},
  journal = {Language and Communication},
  volume  = {6},
  pages   = {65--72},
  year    = {1986},
}

@Article{partee84,
  author  = {Barabara Partee},
  title   = {Nominal and Temporal Anaphora},
  journal = {Linguistics and Philosophy},
  volume  = {7},
  number  = {3},
  pages   = {243--286},
  year    = {1984},
}

@InCollection{chomsky73,
  author    = {Noam Chomsky},
  title     = {Conditions on transformations},
  booktitle = {A Festschrift for Morris Halle},
  publisher = {New York: Holt, Reinhart \& Winston},
  year      = {1973},
  editor    = {Stephen Anderson and Paul Kiparsky},
  pages     = {232--286},
}

@PhdThesis{lewis93,
  author = {Richard L. Lewis},
  title  = {An architecturally-based theory of human sentence comprehension},
  school = {Carnegie Mellon University},
  year   = {1993},
  type   = {PhD Dissertation},
}

@Article{sza,
  author  = {Anna Szabolcsi and Frans Zwarts},
  title   = {Weak Islands and an Algebraic Semantics for Scope Taking},
  journal = {Natural Language Semantics},
  volume  = {1},
  pages   = {235--284},
  year    = {1993},
}

@PhdThesis{michelt,
  author = {Daniel Michel},
  title  = {Individual Cognitive Measures and Working Memory Accounts of Syntactic Island Phenomena},
  school = {University of California, San Diego, CA},
  year   = {2014},
  type   = {Doctoral dissertation},
}

@Article{kimball,
  author  = {John Kimball},
  title   = {Seven principles of surface structure parsing in natural language},
  journal = {Cognition},
  volume  = {2},
  pages   = {15--57},
  year    = {1973},
}

@InProceedings{Noord:Bouma:96,
  author    = {\noopsort{Noord}van Noord, Gertjan and Gosse Bouma},
  title     = {Extraposition as a nonlocal dependency},
  booktitle = {Proceedings of Formal Grammar 96},
  year      = {1996},
  editor    = {G.-J. Kruijff and Glynn Morrill and D. Oehrle},
  pages     = {1--14},
}

@Article{grosu73,
  author  = {Alexander Grosu},
  title   = {On the Nonunitary Nature of the Coordinate Structure Constraint},
  journal = {Linguistic Inquiry},
  volume  = {4},
  pages   = {88--92},
  year    = {1973},
}

@Article{Sag:Wasow:ta2,
  author  = {Ivan A. Sag and Thomas Wasow},
  title   = {Flexible Processing and the Design of Grammar},
  journal = {Journal of Psycholinguist Research},
  volume  = {44},
  number  = {1},
  pages   = {47--63},
  year    = {2015},
}

@Article{desmet,
  author  = {Timothy Desmet and Constantijn De Baecke and Denis Drieghe and Mark Brysbaert and Wietske Vonk},
  title   = {Relative clause attachment in Dutch: On-line comprehension corresponds to corpus frequencies when lexical variables are taken into account},
  journal = {Language and Cognitive Processes},
  volume  = {21},
  number  = {4},
  pages   = {453--485},
  year    = {2006},
}

@Article{kamide03,
  author  = {Yuki Kamide and Christoph Scheepers and Gerry T. M. Altmann},
  title   = {Integration of syntactic and semantic information in predictive processing: Crosslinguistic evidence from {German and English}},
  journal = {Journal of Psycholinguistic Research},
  volume  = {32},
  number  = {1},
  pages   = {37--55},
  year    = {2003},
}

@Article{ferreirahend2,
  author  = {Fernanda Ferreira and John M. Henderson},
  title   = {Basic reading processes during syntactic analysis and reanalysis},
  journal = {Canadian Journal of Psychology: Special Issue on Reading and Language Processing},
  volume  = {47},
  pages   = {247--275},
  year    = {1993},
}

@Book{chomsky82,
  author    = {Noam Chomsky},
  title     = {Concepts and Consequences of the Theory of Government and Binding},
  publisher = {Cambridge: MIT Press},
  year      = {1982},
}

@Book{chomsky80,
  author    = {Noam Chomsky},
  title     = {Rules and Representations},
  publisher = {Columbia University Press, New York},
  year      = {1980},
}

@Book{ginzsag,
  author    = {Jonathan Ginzburg and Ivan A. Sag},
  title     = {{Interrogative Investigations:} the form, meaning and use of {E}nglish interrogative constructions},
  publisher = {Stanford: CSLI Publications},
  year      = {2000},
}

@Article{akma75,
  author  = {Adrian Akmajian},
  title   = {More evidence for an NP Cycle},
  journal = {Linguistic Inquiry},
  volume  = {1},
  number  = {6},
  pages   = {115--129},
  year    = {1975},
}

@InProceedings{baltin78,
  author    = {Mark Baltin},
  title     = {{PP} as a bounding node},
  booktitle = {Proceedings of The Eighth Regional Meeting of the Northeast Linguistic Society},
  year      = {1978},
  editor    = {Mark Stein},
  publisher = {Amherst, Massachusetts, Graduate Linguistics Students Association, University of Massachusetts, Amherst},
}

@Unpublished{kroch89,
  author = {Anthony Kroch},
  title  = {Amount quantification, referentiality, and long \emph{wh}"=movement},
  note   = {Ms., Department of Linguistics, University of Pennsylvania},
  year   = {1989},
}

@InCollection{prichett,
  author    = {Bradley L. Pritchett},
  title     = {Subjacency in a principle-based parser},
  booktitle = {Principle-based parsing: Computation and psycholinguistics},
  publisher = {Dordrecht: Kluwer},
  year      = {1991},
  editor    = {Robert C. Berwick},
  pages     = {301--345},
}

@InProceedings{gawronkehlersalt,
  author       = {Jean Mark Gawron and Andrew Kehler},
  title        = {Respective Answers to Coordinated Questions},
  booktitle    = {Semantics and Linguistic Theory 13 (SALT 13)},
  year         = {2003},
  organization = {University of Washington, Seattle, Washington},
}

@Article{kubotalee,
  author  = {Yusuke Kubota and Jungmee Lee},
  title   = {The Coordinate Structure Constraint as a discourse-oriented principle: Further evidence from Japanese and Korean},
  journal = {Language},
  volume  = {91},
  number  = {3},
  pages   = {642--675},
  year    = {2015},
}

@Book{fod74,
  author    = {Janet Dean Fodor and Thomas G. Bever and Merrill F. Garrett},
  title     = {The psychology of language},
  publisher = {New York: McGraw Hill},
  year      = {1974},
}

@Article{zhang,
  author  = {Niina Ning Zhang},
  title   = {The Syntactic Derivations of Two Paired Dependency Constructions},
  journal = {Lingua},
  volume  = {117},
  number  = {12},
  pages   = {2134--2158},
  year    = {2007},
}

@Article{levy13,
  author  = {Roger Levy and Frank Keller},
  title   = {Expectation and locality effects in {G}erman verb-final structures},
  journal = {Journal of Memory and Language},
  volume  = {2},
  number  = {68},
  pages   = {199--222},
  year    = {2013},
}

@Book{may85,
  author    = {Robert May},
  title     = {{Logical Form: its structure and derivation}},
  publisher = {Cambridge, MA: MIT Press},
  year      = {1985},
}

@Article{fodor83-removed,
  author  = {Janet Dean Fodor},
  title   = {Phrase Structure Parsing and the Island Constraints},
  journal = {Linguistics and Philosophy},
  volume  = {6},
  pages   = {163--223},
  year    = {1983},
}

@InProceedings{eynde96,
  author    = {Frank {Van Eynde}},
  title     = {A monostratal treatment of it extraposition without lexical rules},
  booktitle = {Papers from the Sixth CLIN Meeting},
  year      = {1996},
  editor    = {G. Durieux and W. Daelemans and S. Gillis},
  pages     = {231--248},
}

@InCollection{bever,
  author    = {Thomas G. Bever},
  title     = {The influence of speech performance on linguistic structure},
  booktitle = {Advances in psycholinguistics},
  publisher = {Hayes},
  year      = {1970},
  editor    = {G. B. Flores d'Arcais and W. J. M. Levelt},
  pages     = {65--88},
}

@Article{sprouse12,
  author  = {Jon Sprouse and Matt Wagers and Colin Phillips},
  title   = {A test of the relation between working memory capacity and syntactic island effects},
  journal = {Language},
  year    = {2012},
}

@Article{levy08,
  author  = {Roger Levy},
  title   = {Expectation-based syntactic comprehension},
  journal = {Cognition},
  volume  = {3},
  number  = {106},
  pages   = {1126--1177},
  year    = {2008},
}

@InCollection{Sag:Wasow:ta,
  author    = {Ivan A. Sag and Thomas Wasow},
  title     = {Performance-Compatible Competence Grammar},
  booktitle = {Non-Transformational Syntax},
  publisher = {Cambridge: Blackwells.},
  year      = {2010},
  editor    = {Robert Borsley and Kersti Borjars},
}

@InCollection{goldberg13,
  author    = {Adele E. Goldberg},
  title     = {Backgrounded constituents cannot be extracted},
  booktitle = {Experimental Syntax and Island Effects},
  publisher = {Cambridge University Press},
  year      = {2013},
  editor    = {Jon Sprouse and Norbert Hornstein},
  pages     = {221--238},
}

@Book{levine17,
  author    = {Robert D.\ Levine},
  title     = {Syntactic Analysis: An HPSG-based Approach},
  publisher = {Cambridge University Press},
}

@InProceedings{fodorsagt,
  author    = {Ivan A. Sag and Janet Dean Fodor},
  title     = {Extraction without traces},
  booktitle = {Proceedings of the Thirtheenth West Coast Conference on Formal Linguistics},
  year      = {1994},
  pages     = {365--384},
  address   = {Stanford: CSLI},
}

@InCollection{hof2007,
  author    = {Philip Hofmeister and Florian T. Jaeger and Ivan A. Sag and Inbal Arnon and Neal Snider},
  title     = {Locality and accessibility in wh-questions},
  booktitle = {Roots: Linguistics in Search of its Evidential Base},
  publisher = {Mouton de Gruyter},
  year      = {2007},
  editor    = {Sam Featherston and Wolfgang Sternefeld},
  pages     = {185 -- 206},
  address   = {Berlin},
}

@Article{greco,
  author  = {Jon Sprouse and Ivano Caponigro and Ciro Greco and Carlo Cecchetto},
  title   = {Experimental syntax and the variation of island effects in {English and Italian}},
  journal = {Natural Language \& Linguistic Theory},
  volume  = {34},
  number  = {1},
  pages   = {307--344},
  year    = {2015},
}

@Unpublished{annerels,
  author = {Anne Abeill{\'{e}} and Barbara Hemforth and Elodie Winckel and Edward Gibson},
  title  = {A construction-conflict explanation of the subject-island constraint},
  note   = {31th Annual CUNY Conference on Human Sentence Processing},
  year   = {2018},
}

@InProceedings{drummond,
  author    = {Alex Drummond},
  title     = {The Unity of Extraposition and the A/A Distinction},
  booktitle = {Proceedings of CLS 45},
  year      = {2009},
  publisher = {University of Chicago},
}

@InCollection{Bolinger78,
  author    = {Dwight Bolinger},
  title     = {Asking More than One Thing at a Time},
  booktitle = {Questions},
  publisher = {Dordrecht, Reidel},
  year      = {1978},
  editor    = {Henry Hiz},
  pages     = {107--150},
}

@Article{shir-jrn,
  author  = {Nomi Erteschik-Shir},
  title   = {More on extractability from quasi-NPs},
  journal = {Linguistic Inquiry},
  volume  = {12},
  pages   = {665--670},
  year    = {1981},
}

@Article{levinepostal,
  author  = {Robert D. Levine},
  title   = {The extraction riddle: just what are we missing?},
  journal = {Journal of Linguistics},
  volume  = {37},
  pages   = {145--174},
  year    = {2001},
}

@Book{levhubook,
  author    = {Robert D. Levine and Thomas E. Hukari},
  title     = {The unity of unbounded dependency constructions},
  publisher = {CSLI Publications, Leland Stanford Junior University},
  year      = {2006},
}

@PhdThesis{stowelldiss,
  author = {Timothy Angus Stowell},
  title  = {Origins of phrase structure},
  school = {MIT Cambridge, MA},
  year   = {1981},
  type   = {PhD Dissertation},
}

@PhdThesis{cowper76,
  author = {Elizabeth A. Cowper},
  title  = {Constraints on sentence complexity: a model for syntactic processing},
  school = {University of California, Irvine, CA},
  year   = {1976},
  type   = {PhD dissertation},
}

@Article{sprsat2,
  author  = {Jon Sprouse},
  title   = {Revisiting Satiation: {E}vidence for an equalization response strategy},
  journal = {Linguistic Inquiry},
  volume  = {40},
  number  = {1},
  pages   = {329 -- 341},
  year    = {2009},
}

@Article{federmeier,
  author  = {Kara D. Federmeier and Marta Kutas},
  title   = {A rose by any other name: Long-term memory structure and sentence processing},
  journal = {Journal of Memory and Language},
  volume  = {41},
  pages   = {469--495},
  year    = {1999},
}

@Book{wasowbook,
  author    = {Thomas Wasow},
  title     = {Postverbal Behavior},
  publisher = {CSLI Publications},
  year      = {2002},
}

@Article{villata,
  author  = {Sandra Villata and Luigi Rizzi and Julie Franck},
  title   = {Intervention effects and relativized minimality: New experimental evidence from graded judgments},
  journal = {Lingua},
  volume  = {179},
  pages   = {76--96},
  year    = {2016},
}

@Unpublished{santorini,
  author = {Beatrice Santorini},
  title  = {({U}n?)expected movement},
  note   = {{University of Pennsylvania}. \url{http://www.ling.upenn.edu/~beatrice/examples/movement.html}. Accessed: Jan 2 2012},
  year   = {2007},
}

@PhdThesis{chavesthesis,
  author = {Rui P. Chaves},
  title  = {Coordinate Structures -- Constraint-based Syntax-Semantics Processing},
  school = {University of Lisbon},
  year   = {2007},
  type   = {Doctoral Dissertation},
}

@Book{hawbook,
  author    = {John A. Hawkins},
  title     = {Efficiency and Complexity in Grammars},
  publisher = {Oxford},
  year      = {2004},
}

@Unpublished{strunk08,
  author = {Jan Strunk and Neal Snider},
  title  = {Extraposition without Subjacency},
  note   = {Presented at the workshop on Rightward Movement in a Comparative Perspective at DGfS 2008 in Bamberg, March 27, 2008},
  year   = {2008},
  url    = {http://www.linguistics.ruhr-uni-bochum.de/~strunk/DGfS2008Handout.pdf},
}

@Article{creel,
  author  = {Sarah C. Creel and Richard N. Aslin and Michael K. Tanenhaus},
  title   = {Heeding the voice of experience: The role of talker variation in lexical access},
  journal = {Cognition},
  volume  = {106},
  pages   = {633--664},
  year    = {2008},
}

@Article{mak,
  author  = {Willem M. Mak and Wietske Vonk and Herbert Schriefers},
  title   = {Discourse structure and relative clause processing},
  journal = {Memory \& Cognition},
  volume  = {36},
  pages   = {170--181},
  year    = {2008},
}

@Article{shirlappin,
  author  = {Nomi Erteschik-Shir and Shalom Lappin},
  title   = {Dominance and the functional explanation of island phenomena},
  journal = {Theoretical Linguistics},
  volume  = {6},
  pages   = {41--86},
  year    = {1979},
}

@Book{kehler,
  author    = {Andrew Kehler},
  title     = {Coherence, Reference, and the Theory of Grammar},
  publisher = {Stanford: CSLI Publications},
  year      = {2002},
}

@InProceedings{chaves,
  author       = {Rui P. Chaves},
  title        = {{Non-Redundant Scope Disambiguation in Underspecified Semantics}},
  booktitle    = {Proceedings of the 8th {ESSLLI} Student Session},
  year         = {2003},
  editor       = {Balder ten Cate},
  pages        = {47--58},
  organization = {ESSLLI 2003, Vienna, Austria},
}

@Article{chavesrnr,
  author = {Rui P. Chaves},
  title  = {On the disunity of Right Node Raising phenomena: Extraposition, Ellipsis, and Deletion},
  volume = {4},
  number = {90},
  pages  = {834 -- 886},
  year   = {2014},
}

@InCollection{polinsky13,
  author    = {Maria Polinsky and Carlos G\'{o}mez Gallo and Peter Graff and Ekaterina Kravtchenko and Adam Milton Morgan and Anne Sturgeon},
  title     = {Subject islands are different},
  booktitle = {Experimental Syntax and islands effects},
  publisher = {Cambridge: Cambridge University Press},
  year      = {2013},
  editor    = {Jon Sprouse and Norbert Hornstein},
}

@InProceedings{Richart,
  author    = {Amanda Ritchart, Grant Goodall, and Marc Garellek},
  title     = {Prosody and the That-Trace Effect: An Experimental Study},
  booktitle = {Proceedings of the 33rd West Coast Conference on Formal Linguistics},
  year      = {2016},
  editor    = {Kyeong-min Kim and Pocholo Umbal and Trevor Block and Queenie Chan and Tanie Cheng and Kelli Finney and Mara Katz and Sophie Nickel-Thompson and Lisa Shorten},
  pages     = {320--328},
}

@Book{Culicover13,
  author    = {Peter W. Culicover},
  title     = {Grammar \& Complexity},
  publisher = {Oxford University Press},
  year      = {2013},
}

@Article{borg,
  author  = {Claudia Borgonovo and Ad Neeleman},
  title   = {Transparent adjuncts},
  journal = {Canadian Journal of Linguistics/Revue canadienne de linguistique},
  volume  = {45},
  pages   = {199--224},
  year    = {2000},
}

@Article{trax98,
  author  = {Matthew J. Traxler and Martin J. Pickering and {Charles E. Jr.} Clifton},
  title   = {Adjunct attachment is not a form of lexical ambiguity resolution},
  journal = {Journal of memory and language},
  volume  = {39},
  pages   = {558--592},
  year    = {1998},
}

@InCollection{Abeille:Bonami:ea:04,
  author      = {Anne Abeill{\'e} and Olivier Bonami and Dani{\`e}le Godard and Jesse Tseng},
  title       = {The Syntax of French N' Phrases},
  booktitle   = {Proceedings of the HPSG-2004 Conference, Center for Computational Linguistics, Katholieke Universiteit Leuven},
  publisher   = {CSLI Publications},
  year        = {2004},
  editor      = {Stefan M{\"u}ller},
  pages       = {6--26},
  address     = {Stanford},
  url         = {http://cslipublications.stanford.edu/HPSG/5/},
  url_checked = {08.19.07},
}

@Article{phil13,
  author  = {Colin Phillips},
  title   = {Some arguments and non-arguments for reductionist accounts of syntactic phenomena},
  journal = {Language and Cognitive Processes},
  volume  = {28},
  pages   = {156-187},
  year    = {2013},
  date    = {2013-01-01},
}

@Article{fgsag08,
  author  = {Ivan A. Sag},
  title   = {English filler-gap constructions},
  journal = {Language},
  volume  = {86},
  number  = {3},
  pages   = {486--545},
  year    = {2010},
}

@InProceedings{sagn,
  author       = {Ivan A. Sag and Joann Nykiel},
  title        = {Remarks on sluicing},
  booktitle    = {Proceedings of HPSG 2011 - 18th International Conference on Head-Driven Phrase Structure Grammar},
  year         = {2011},
  editor       = {Stefan M\"{u}ller},
  organization = {University of Washington},
  note         = {http://lingo.stanford.edu/sag/papers/sag-nykiel-hpsg11.pdf},
}

@Book{Ladd96,
  author    = {Robert D. Ladd},
  title     = {Intonational Phonology},
  publisher = {Cambridge University Press},
  year      = {1996},
}

@InCollection{taraldsen82,
  author    = {Knut T. Taraldsen},
  title     = {Extraction from relative clauses in Norwegian. Readings on Unbounded Dependencies in Scandinavian Languages},
  publisher = {Stockholm: Almqvist and Wiksell International},
  year      = {1982},
  editor    = {Elisabet Engdahl and Eva Ejerhed},
  pages     = {205--221},
}

@Article{sauerelb,
  author  = {Uli Sauerland and Paul D. Elbourne},
  title   = {Total reconstruction, PF movement, and derivational order},
  journal = {Linguistic Inquiry},
  volume  = {33},
  number  = {2},
  pages   = {283--319},
  year    = {2002},
}

@PhdThesis{Perlmutter68,
  author = {Donald M. Perlmutter},
  title  = {Deep and surface structure constraints in syntax},
  school = {Doctoral dissertation, MIT},
  year   = {1968},
}

@Article{kutas84,
  author  = {Marta Kutas and Steven A. Hillyard},
  title   = {Brain potentials during reading reflect word expectancy and semantic association},
  journal = {Nature},
  volume  = {5947},
  number  = {307},
  pages   = {161--163},
  year    = {1984},
}

@InCollection{chomsky08,
  author    = {Noam Chomsky},
  title     = {On Phases},
  booktitle = {Foundational Issues in Linguistic Theory: Essays in Honor of {Jean-Roger Vergnaud}},
  publisher = {Cambridge, MA, USA: MIT Press},
  year      = {2008},
  editor    = {Robert Freidin and David Michaels and Carlos P. Otero and Maria Luisa Zubizarreta},
  pages     = {133--165},
}

@Article{tabor3,
  author  = {Whitney Tabor and Sean Hutchins},
  title   = {Evidence for self-organized sentence processing: digging-in effects},
  journal = {Journal of Experimental Psychology: Learning, Memory, and Cognition},
  volume  = {30},
  number  = {2},
  pages   = {431--450},
  year    = {2004},
}

@Article{colinphillips,
  author  = {Colin Phillips},
  title   = {The real-time status of island phenomena},
  journal = {Language},
  volume  = {82},
  pages   = {795--823},
  year    = {2006},
}

@Book{culicover99,
  author    = {Peter W. Culicover},
  title     = {Syntactic Nuts: Hard Cases in Syntax},
  publisher = {Oxford University Press},
  year      = {1999},
  series    = {Volume One of Foundations of Syntax},
}

@InCollection{levineetal,
  author    = {Robert D. Levine and Thomas E. Hukari and Michael Calcagno},
  title     = {Parasitic gaps in {English}: some overlooked cases and their theoretical implications},
  booktitle = {Parasitic Gaps},
  publisher = {Cambridge, MA: MIT Press},
  year      = {2001},
  editor    = {Peter Culicover and Paul M. Postal},
  pages     = {181--222},
}

@Book{berwickwein,
  author    = {Robert Berwick and Amy S. Weinberg},
  title     = {The grammatical basis of linguistic performance},
  publisher = {Cambridge. MAL MIT Press},
  year      = {1984},
}

@InCollection{kluender92,
  author    = {Robert Kluender},
  title     = {Deriving island constraints from principles of predication},
  booktitle = {Island Constraints: Theory, Acquisition and Processing},
  publisher = {Dordrecht: Kluwer},
  year      = {1992},
  editor    = {Helen Goodluck and Michael Rochemont},
  pages     = {223--258},
}

@InCollection{jacobson08,
  author    = {Pauline Jacobson},
  title     = {Direct compositionality and variable free semantics: the case of antecedent contained ellipsis},
  booktitle = {Topics in Ellipsis},
  publisher = {Cambridge University Press},
  year      = {2008},
  editor    = {Kyle Johnson},
  pages     = {30 -- 68},
}

@InCollection{frazier88,
  author    = {Lynn Frazier and K. Rayner},
  title     = {Parameterizing the language processing system: Left versus right branching within and across languages},
  booktitle = {Explaining language universals},
  publisher = {Oxford: Blackwell},
  year      = {1988},
  editor    = {J. A. Hawkins},
  pages     = {247--279},
}

@PhdThesis{gibson91,
  author = {Edward Gibson},
  title  = {A computational theory of human linguistic processing: Memory limitations and processing breakdown},
  school = {Carnegie Mellon University},
  year   = {1991},
  type   = {PhD dissertation},
}

@Article{cattell,
  author  = {Ray Cattell},
  title   = {Constraints on movement rules},
  journal = {Language},
  volume  = {52},
  pages   = {18--59},
  year    = {1976},
}

@PhdThesis{hiramatsu00,
  author = {Kazuko Hiramatsu},
  title  = {Accessing Linguistic Competence: Evidence from children's and adults' acceptability judgments},
  school = {University of Connecticut},
  year   = {2000},
  type   = {{Ph.D.} Thesis},
}

@Book{frazcl,
  author    = {Lyn Frazier and {Charles E. Jr.} Clifton},
  title     = {Construal},
  publisher = {Cambridge, MA: MIT Press},
  year      = {1996},
}

@InCollection{fodor92,
  author    = {Janet Dean Fodor},
  title     = {Islands, Learnability and the Lexicon},
  booktitle = {Island Constraints: Theory, Acquisition and Processing},
  publisher = {Dordrecht: Kluwer},
  year      = {1992},
  editor    = {Helen Good luck and Michael Rochemont},
  pages     = {109--180},
}

@Book{kunojap,
  author    = {Susumu Kuno},
  title     = {The structure of the Japanese language},
  publisher = {Cambridge, MA: The MIT Press},
  year      = {1973},
}

@PhdThesis{sprousediss07,
  author = {Jon Sprouse},
  title  = {A program for experimental syntax: Finding the relationship between acceptability and grammatical knowledge},
  school = {University of Maryland},
  year   = {2007},
  type   = {Ph.D. dissertation},
}

@Book{merchantbook,
  author    = {Jason Merchant},
  title     = {The syntax of silence: Sluicing, islands, and the theory of ellipsis},
  publisher = {Oxford University Press: Oxford},
  year      = {2001},
}

@Article{lau06,
  author  = {Ellen Lau and Clare Stroud and Silke Plesch and Colin Phillips},
  title   = {The role of structural prediction in rapid syntactic analysis},
  journal = {Brain and language},
  volume  = {1},
  number  = {98},
  pages   = {74--88},
  year    = {2006},
}

@Article{gibetal,
  author  = {Edward Gibson and Neal Pearlmutter and Enriqueta Canseco-Gonzalez and Gregory Hickok},
  title   = {Recency preference in the human sentence processing mechanism},
  journal = {Cognition},
  volume  = {59},
  number  = {1},
  pages   = {23--59},
  year    = {1996},
}

@Article{hnps,
  author  = {Adrian Staub and {Charles E. Jr.} Clifton and Lyn Frazier},
  title   = {Heavy NP shift is the parser's last resort: evidence from eye movements},
  journal = {Journal of Memory and Language},
  volume  = {54},
  pages   = {389--406},
  year    = {2006},
}

@InCollection{kluender,
  author    = {Robert Kluender},
  title     = {On the distinction between strong islands and weak islands: a processing perspective},
  booktitle = {Syntax and Semantics 29: The Limits of Syntax},
  publisher = {New York, NY: Academic Press},
  year      = {1998},
  editor    = {Peter W. Culicover and Louise McNally},
  pages     = {241--279},
}

@Book{fernandez03,
  author    = {Eva M. Fern{\'{a}}ndez},
  title     = {Bilingual Sentence Processing: Relative Clause Attachment in English and Spanish},
  publisher = {Amsterdam, The Netherlands: John Benjamins},
  year      = {2003},
}

@Book{truswellbook,
  author    = {Robert Truswell},
  title     = {Events, Phrases and Questions},
  publisher = {Oxford},
  year      = {2011},
}

@InProceedings{culcogsci,
  author    = {van Schijndel, Marten and Schuler, William and Culicover, Peter W.},
  title     = {Frequency Effects in the Processing of Unbounded Dependencies},
  booktitle = {Proceedings of CogSci 2014},
  year      = {2014},
  address   = {Quebec, Quebec, Canada},
  month     = Jul,
  publisher = {Cognitive Science Society},
}

@Article{fodor67,
  author  = {Janet A. Fodor and M. F. Garrett},
  title   = {Some syntactic determinants of sentential complexity},
  journal = {Perception and Pshychophisics},
  volume  = {2},
  pages   = {282--296},
  year    = {1967},
}

@Article{abrusan,
  author  = {M\'{a}rta Abrus\'{a}n},
  title   = {Presuppositional and Negative Islands: A Semantic Account},
  journal = {Natural Language Semantics},
  volume  = {19},
  pages   = {257--321},
  year    = {2011},
}

@Article{levinprince86,
  author  = {Nancy Levin and Ellen Prince},
  title   = {Gapping and Clausal Implicature},
  journal = {Papers in Linguistics},
  volume  = {19},
  pages   = {351--364},
  year    = {1986},
}

@Article{kayne83,
  author  = {Richard Kayne},
  title   = {Connectedness},
  journal = {Linguistic Inquiry},
  volume  = {14},
  pages   = {223--249},
  year    = {1983},
}

@InProceedings{lakoff86,
  author    = {George Lakoff},
  title     = {{Frame Semantic Control of the Coordinate Structure Constraint}},
  booktitle = {Papers from the 22nd Regional Meeting of the Chicago Linguistic Society},
  year      = {1986},
  address   = {Chicago: Chicago Linguistic Society},
}

@Article{shankweiler,
  author  = {Weijia Ni and Stephen Crain and Donald Shankweiler},
  title   = {Sidestepping garden paths: Assessing the contributions of syntax, semantics and plausibility in resolving ambiguities},
  journal = {Language \& Cognitive Processes},
  volume  = {11},
  number  = {3},
  pages   = {283--334},
  year    = {1996},
}

@InProceedings{Beavers,
  author    = {John Beavers and Ivan A. Sag},
  title     = {Ellipsis and Apparent Non-Constituent Coordination},
  booktitle = {Proceedings of the 11th International Conference on Head-Driven Phrase Structure Grammar, Katholieke Universiteit Leuven},
  year      = {2004},
  editor    = {Stefan M{\"u}ller},
  pages     = {48--69},
  publisher = {Stanford: CSLI Publications.},
  note      = {http://cslipublications.stanford.edu/HPSG/5/},
}

@Book{postal74,
  author    = {Paul M. Postal},
  title     = {On raising},
  publisher = {Cambridge, Mass.: MIT Press.},
  year      = {1974},
}

@Book{freidin92,
  author    = {Robert Freidin},
  title     = {Foundations of Generative Syntax},
  publisher = {MIT Press, Cambridge, Mass.},
  year      = {1992},
}

@Article{amy,
  author  = {G\'{e}rard Amy and Georges Noziet},
  title   = {Memory requirements and local ambiguities of parsing strategies},
  journal = {Journal of Psycholinguistic Research},
  volume  = {20},
  number  = {3},
  pages   = {233--250},
  year    = {1978},
}

@Article{kayne81,
  author  = {Richard Kayne},
  title   = {{ECP Extensions}},
  journal = {Linguistic Inquiry},
  volume  = {12},
  pages   = {93--133},
  year    = {1981},
}

@Article{kayne80,
  author  = {Richard Kayne},
  title   = {Extensions of binding and Case-marking},
  journal = {Linguistic Inquiry},
  volume  = {11},
  pages   = {75--96},
  year    = {1980},
}

@Book{kuno87,
  author    = {Susumu Kuno},
  title     = {Functional syntax -- anaphora, discourse and empathy},
  publisher = {The University of Chicago Press, Chicago and London},
  year      = {1987},
}

@InCollection{chavesf,
  author    = {Rui P. Chaves},
  title     = {Freezing as a probabilistic phenomenon},
  booktitle = {Freezing - Theoretical Approaches and Empirical Domains},
  publisher = {De Gruyter},
  year      = {2018},
  editor    = {Jutta Hartmann and Marion Knecht and Andreas Konietzko and Susanne Winkler},
}

@Article{lev91,
  author  = {Thomas Hukari and Robert Levine},
  title   = {On the disunity of unbounded dependency constructions},
  journal = {Natural Language and Linguistic Theory},
  volume  = {9},
  pages   = {97--144},
  year    = {1991},
}

@Book{Culicover:Jackendoff:05,
  author    = {Peter Culicover and Ray S. Jackendoff},
  title     = {Simpler Syntax},
  publisher = {Oxford University Press},
  year      = {2005},
}

@Article{sab,
  author  = {James Sabbagh},
  title   = {Ordering and Linearizing Rightward Movement},
  journal = {Natural Language and Linguistic Theory},
  volume  = {25},
  number  = {2},
  pages   = {349--401},
  year    = {2007},
}

@InCollection{engdahl82,
  author    = {Elisabet Engdahl},
  title     = {Restrictions on unbounded dependencies in Swedish},
  booktitle = {Readings on Unbounded Dependencies in Scandinavian Languages},
  publisher = {Stockholm: Almqvist and Wiksell International},
  year      = {1982},
  editor    = {Elisabet Engdahl and Eva Ejerhed},
  pages     = {151--174},
}

@InCollection{Bresnan:77,
  author    = {Joan Bresnan},
  title     = {Variables in the Theory of Transformations},
  booktitle = {Formal Syntax},
  publisher = {Academic Press},
  year      = {1977},
  editor    = {Adrian Akmajian and Peter Culicover and Thomas Wasow},
  address   = {New York},
}

@InProceedings{goldsmith,
  author    = {John Goldsmith},
  title     = {{A Principled Exception to the Coordinate Structure Constraint}},
  booktitle = {Papers from the Twenty-First Annual Regional Meeting of the Chicago Linguistic Society},
  year      = {1985},
  pages     = {133--143},
  address   = {Chicago: Chicago Linguistic Society},
}

@PhdThesis{huang82,
  author = {Cheng-Teh James Huang},
  title  = {Logical relations in Chinese and the theory of grammar},
  school = {MIT, Cambridge, Massachusetts},
  year   = {1982},
  type   = {Ph.D Dissertation},
}

@Article{lasnikpark,
  author  = {Howard Lasnik and Myung-Kwan Park},
  title   = {The EPP and the subject condition under sluicing},
  journal = {Linguistic Inquiry},
  volume  = {34},
  pages   = {649--660},
  year    = {2003},
}

@InProceedings{hegarty90,
  author    = {Michael Hegarty},
  title     = {On adjunct extraction from complements},
  booktitle = {MIT Working Papers in Linguistics 13},
  year      = {1990},
  editor    = {Lisa L.S. Cheng and Hamida Demirdash},
  pages     = {101--124},
}

@Article{fodor78,
  author  = {Janet Dean Fodor},
  title   = {Parsing strategies and constraints on transformations},
  journal = {Linguistic Inquiry},
  volume  = {9},
  pages   = {427--473},
  year    = {1978},
}

@Article{gazdar,
  author  = {Gerald Gazdar},
  title   = {Unbounded Dependencies and Coordinate Structure},
  journal = {Linguistic Inquiry},
  volume  = {12},
  number  = {2},
  pages   = {155--184},
  year    = {1981},
}

@Book{winter01,
  author    = {Yoad Winter},
  title     = {Flexibility Principles in Boolean Semantics: coordination, plurality and scope in natural language},
  publisher = {MIT Press, Cambridge, Massachusetts},
  year      = {2001},
}

@Article{munn99atb,
  author  = {Alan Munn},
  title   = {On the identity requirement of {ATB} extraction},
  journal = {Natural Language Semantics},
  volume  = {7},
  pages   = {421--425},
  year    = {1999},
}

@InProceedings{Levine:Sag:03,
  author    = {Robert D. Levine and Ivan A. Sag},
  title     = {Some empirical issues in the grammar of extraction},
  booktitle = {Proceedings of the HPSG-2003 Conference, Michigan State University, East Lansing},
  year      = {2003},
  editor    = {Stefan M{\"u}ller},
  pages     = {236--256},
  address   = {Stanford},
  publisher = {CSLI Publications},
}

@Article{tsiam,
  author  = {Jim Tsiamtsiouris and Helen Smith Cairns},
  title   = {Effects of syntactic complexity and sentence-structure priming on speech initiation time in adults who stutter},
  journal = {Journal of Speech, Language, and Hearing Research},
  volume  = {52},
  number  = {6},
  pages   = {1623--1639},
  year    = {2009},
}

@Article{carreras,
  author  = {Manuel Carreiras},
  title   = {Estrategias de an{\'{a}}lisis sint{\'{a}}ctico en el procesamiento de frases: cierre temprano versus cierre tard{\'{i}}o},
  journal = {Cognitiva},
  volume  = {4},
  number  = {1},
  pages   = {3--27},
  year    = {1992},
}

@Article{kuno74,
  author  = {Susumu Kuno},
  title   = {The position of relative clauses and conjunctions},
  journal = {Linguistic Inquiry},
  volume  = {5},
  number  = {1},
  pages   = {117 -- 136},
  year    = {1974},
}

@InCollection{rochemont,
  author    = {Michael S. Rochemont},
  title     = {Bounding rightward A-bar dependencies},
  booktitle = {Island Constraints: Theory, Acquisition and Processing},
  publisher = {Kluwer Academic Publishers, Dordrecht},
  year      = {1992},
  editor    = {H. Goodluck and M.S. Rochemont},
}

@InCollection{strunk,
  author    = {Jan Strunk and Neal Snider},
  title     = {Subclausal locality constraints on relative clause extraposition},
  booktitle = {Rightward Movement in a Comparative Perspective},
  publisher = {Amsterdam: John Benjamins},
  year      = {2013},
  editor    = {Gert Webelhuth and Manfred Sailer and Heike Walker},
}

@Article{freezing,
  author  = {Philip Hofmeister and Peter Culicover and Susanne Winkler},
  title   = {Effects of processing on the acceptability of `frozen' extraposed constituents},
  journal = {Syntax,},
  volume  = {18},
  number  = {4},
  pages   = {464--483},
  year    = {2015},
}

@TechReport{witten,
  author      = {Edward Witten},
  title       = {Centrality},
  institution = {The Computational Laboratory of Harvard University, Cambridge, Massachusetts},
  year        = {1972},
  type        = {Report No. {NSF}--28 to The National Science Foundation},
}

@Article{kutasetal,
  author  = {Marta Kutas and Mireille Besson and Cyma Van Petten},
  title   = {Event-related potential asymmetries during the reading of sentences},
  journal = {Electroencephalography and Neurophysiology},
  volume  = {69},
  pages   = {218--233},
  year    = {1988},
}

@Book{culicover87,
  author    = {Peter Culicover},
  title     = {Principles and parameters: An introduction to syntactic theory},
  publisher = {Oxford University Press},
  address   = {New York},
  year      = {1997},
}

@Comment{jabref-meta: databaseType:bibtex;}
