 
@article{dummy89a,
 author = {Dum Dummy}}