@article{AltmannKamide99,
	author = {Altmann, Gerry and Kamide, Yuki},
	year = {1999},
	title = {Incremental interpretation at verbs: {Restricting} the domain of subsequent refrence},
	journal = {Cognition},
	volume = {73},
	number = {7},
	pages = {247--264}
}

@article{AltmannSteedman88,
	author = {Altmann, Gerry and Steedman, Mark},
	year = {1988},
	title = {Interaction with context during human sentence processing},
	journal = {Cognition},
	volume = {30},
	number = {3},
	pages = {191--238}
}

@article{ArnoldEtal2007,
	author = {Arnold, Jennifer E. and Hudson Kam, Carla and Tanenhaus, Michael K.},
	year = {2007},
	title = {If you say thee uh- you're describing something hard: {The} on-line attribution of disfluency during reference comprehension},
	journal = {Journal of Experimental Psychology: Learning, Memory, and Cognition},
	volume = {33},
	pages = {914--930}
}

@article{Branigan2007,
	author = {Branigan, Holly},
	year = {2007},
	title = {Syntactic priming},
	journal = {Language and Linguistics Compass},
	volume = {1},
	number = {1--2},
	pages = {1--16}
}

@article{BraniganPickering2017,
	author = {Branigan, Holly and Pickering, Martin},
	year = {2017},
	title = {An experimental approach to linguistic representation},
	journal = {Behavioral and Brain Sciences},
	volume = {40},
	pages = {1--61}
}

@incollection{BresnanEtal2007,
	author	= {Bresnan, Joan and Anna Cueni and Tatjana Nikitina and Harald Baayen},
	title	= {Predicting the Dative Alternation},
	year = {2007},
	booktitle = {Cognitive Foundations of Interpretation},
	editor = {Bouma, Gerlof and Krämer, Irene and Zwarts, Joost},
	address = {Amsterdam},
	publisher = {KNAW},
	pages = {69--94}
}

@inproceedings{BresnanEtAl2001,
	author = {Bresnan, Joan and Dingare, Shipra and Manning, Christopher D.},
	year = {2001},
	title = {Soft constraints mirror hard constraints: {Voice} and person in {English} and {Lummi}},
	editor = {Butt, Miriam and King, Tracy Holloway},
	booktitle = {Proceedings of the {LFG} 01 {Conference}},
	publisher = {CSLI},
	address = {Standford, CA}
}

@article{Chaves2012,
	author = {Chaves, Rui P.},
	year = {2012},
	title = {On the grammar of extraction and coordination},
	journal = {Natural Language and Linguistic Theory},
	volume = {30},
	number = {2},
	pages = {465--512}
}

@article{Deane91,
	author = {Deane, Paul D.},
	year = {1991},
	title = {Limits to attention: {A} cognitive theory},
	journal = {Cognitive Linguistics},
	volume = {2},
	number = {1},
	pages = {1--63}
}

@book{EngdahlEjerhed82,
	author = {Engdahl, Elisabeth and Ejerhed, Eva},
	title = {Readings on Unbounded Dependencies in {Scandinavian} Languages},
	year = {1982},
	address = {Stockholm},
	publisher = {Almqvist \& Wiksell International}
}

@article{Fodor83,
	author = {Fodor, Janet Dean},
	year = {1983},
	title = {Phrase structure parsing and the island constraints},
	journal = {Linguisitcs and Philosophy},
	volume = {6},
	pages = {163--223}
}

@article{GennariMacDonald2008,
	author = {Gennari, Silvia P. and MacDonald, Maryellen C.},
	year = {2008},
	title = {Semantic Indeterminacy in Object Relative Clauses},
	journal = {Journal of Memory and Language},
	volume = {8},
	pages = {161--187}
}

@article{EberhardEtal95,
	author = {Eberhard, Kathleen M. and Spivey-Knowlton, Michael J. and Sedivy, Julie C. and Tannenhaus, Michael K.},
	year = {1995},
	title = {Eye Movements as a Window into Real-time Spoken Language Comprehension in Natural Contexts},
	journal = {Journal of Psycholinguist Research},
	volume = {24},
	pages = {409--436}
}

@misc{FrancisPrep,
	author = {Francis, Elaine},
	year = {In preparation},
	title = {Gradient Acceptability and Linguistic Theory}
}

@book{Hawkins2014,
	author = {Hawkins, John A.},
	year = {2014},
	title = {Cross-Linguistic Variation and Efficiency},
	address = {Oxford},
	publisher = {Oxford University Press}
}

@article{HobbsGrishman75,
	author = {Hobbs, Jerry R. and Grishman, Ralph},
	year = {1975},
	title = {The Automatic Transformational Analysis of {English} Sentences: {An} Implementation},
	journal = {International Journal of Computer Mathematics},
	volume = {5},
	number = {1--4},
	pages = {267--283}
}

@article{HofmeisterEtal2013,
	author = {Hofmeister, Philip and Jaeger, T. Florian and Arnon, Inbal and Sag, Ivan A. and Snider, Neal},
	year´={2013}, 
	title = {The Source Ambiguity Problem: {Distinguishing} the Effects of Grammar and Processing on Acceptability Judgments},
	journal = {Language and Cognitive Processes},
	volume = {28},
	number = {1--2},
	pages = {48--87}
}

@article{HofmeisterSag2010,
	author = {Hofmeister, Philip and Sag, Ivan A.},
	year = {2010},
	title = {Cognitive Constraints and Island Effects},
	journal = {Language},
	volume = {86},
	number = {2}
}