@BOOK{Meier2017,
  author = {Jane Meier},
  year = {2017},
  title = {Language Universals and Linguistic Typology},
  address = {Oxford},
  publisher = {Basil Blackwell} 
}


